@article{duda2001pattern,
  title={Pattern classification. 2nd},
  author={Duda, Richard O and Hart, Peter E and Stork, David G},
  journal={Edition. New York},
  pages={55},
  year={2001}
}

@article{jain2008data,
	title={Data clustering: 50 years beyond k-means},
	author={Jain, Anil K},
	journal={ECML/PKDD (1)},
	volume={5211},
	pages={3--4},
	year={2008}
}

@inproceedings{chapelle2006continuation,
	title={A continuation method for semi-supervised SVMs},
	author={Chapelle, Olivier and Chi, Mingmin and Zien, Alexander},
	booktitle={Proceedings of the 23rd international conference on Machine learning},
	pages={185--192},
	year={2006},
	organization={ACM}
}

@article{silva2013data,
	title={Data stream clustering: A survey},
	author={Silva, Jonathan A and Faria, Elaine R and Barros, Rodrigo C and Hruschka, Eduardo R and de Carvalho, Andr{\'e} CPLF and Gama, Jo{\~a}o},
	journal={ACM Computing Surveys (CSUR)},
	volume={46},
	number={1},
	pages={13},
	year={2013},
	publisher={ACM}
}

@misc{gsc,
	title = {data clustering},
	howpublished = {\url{https://scholar.google.fr/}},
	note = {Accessed: 2017-01-26}
}

@article{fahad2014survey,
	title={A survey of clustering algorithms for big data: Taxonomy and empirical analysis},
	author={Fahad, Adil and Alshatri, Najlaa and Tari, Zahir and Alamri, Abdullah and Khalil, Ibrahim and Zomaya, Albert Y and Foufou, Sebti and Bouras, Abdelaziz},
	journal={IEEE transactions on emerging topics in computing},
	volume={2},
	number={3},
	pages={267--279},
	year={2014},
	publisher={IEEE}
}

@article{haralick1985,
	title={Image segmentation techniques},
	author={Haralick, Robert M and Shapiro, Linda G},
	journal={Computer vision, graphics, and image processing},
	volume={29},
	number={1},
	pages={100--132},
	year={1985},
	publisher={Elsevier}
}

@article{wu1993optimal,
	title={An optimal graph theoretic approach to data clustering: Theory and its application to image segmentation},
	author={Wu, Zhenyu and Leahy, Richard},
	journal={IEEE transactions on pattern analysis and machine intelligence},
	volume={15},
	number={11},
	pages={1101--1113},
	year={1993},
	publisher={IEEE}
}
@article{cios2002uniqueness,
	title={Uniqueness of medical data mining},
	author={Cios, Krzysztof J and Moore, G William},
	journal={Artificial intelligence in medicine},
	volume={26},
	number={1},
	pages={1--24},
	year={2002},
	publisher={Elsevier}
}
@book{baldi2002dna,
	title={DNA microarrays and gene expression: from experiments to data analysis and modeling},
	author={Baldi, Pierre and Hatfield, G Wesley},
	year={2002},
	publisher={Cambridge university press}
}

@book{arabie1996clustering,
	title={Clustering and classification},
	author={Arabie, Phipps and Hubert, Lawrence J and De Soete, Geert},
	year={1996},
	publisher={World Scientific}
}

@misc{dataclassification,
	title = {data classification definition},
	howpublished = {\url{https://www.techopedia.com/definition/13779/data-classification/}},
	note = {Accessed: 2017-04-16}
}

@book{jain1988algorithms,
	title={Algorithms for clustering data},
	author={Jain, Anil K and Dubes, Richard C},
	year={1988},
	publisher={Prentice-Hall, Inc.}
}

@book{hartigan1975clustering,
	title={Clustering algorithms},
	author={Hartigan, John A and Hartigan, JA},
	volume={209},
	year={1975},
	publisher={Wiley New York}
}

@article{han2000data,
	title={Data mining: concepts and techniques (the Morgan Kaufmann Series in data management systems)},
	author={Han, Jiawei and Kamber, Micheline},
	year={2000},
	publisher={Morgan Kaufmann}
}

@article{bishop2006pattern,
	title={Pattern recognition},
	author={Bishop, Christopher M},
	journal={Machine Learning},
	volume={128},
	pages={1--58},
	year={2006}
}

@article{steinhaus1956division,
	title={Sur la division des corp materiels en parties},
	author={Steinhaus, Hugo},
	journal={Bull. Acad. Polon. Sci},
	volume={1},
	number={804},
	pages={801},
	year={1956}
}

@techreport{ball1965isodata,
	title={ISODATA, a novel method of data analysis and pattern classification},
	author={Ball, Geoffrey H and Hall, David J},
	year={1965},
	institution={DTIC Document}
}

@article{lloyd1982least,
	title={Least squares quantization in PCM},
	author={Lloyd, Stuart},
	journal={IEEE transactions on information theory},
	volume={28},
	number={2},
	pages={129--137},
	year={1982},
	publisher={IEEE}
}

@article{cortes1995support,
	title={Support-vector networks},
	author={Cortes, Corinna and Vapnik, Vladimir},
	journal={Machine learning},
	volume={20},
	number={3},
	pages={273--297},
	year={1995},
	publisher={Springer}
}

@book{vapnik2013nature,
	title={The nature of statistical learning theory},
	author={Vapnik, Vladimir},
	year={2013},
	publisher={Springer science \& business media}
}

@inproceedings{boser1992training,
	title={A training algorithm for optimal margin classifiers},
	author={Boser, Bernhard E and Guyon, Isabelle M and Vapnik, Vladimir N},
	booktitle={Proceedings of the fifth annual workshop on Computational learning theory},
	pages={144--152},
	year={1992},
	organization={ACM}
}

@misc{andrew2000introduction,
	title={An Introduction to Support Vector Machines and Other Kernel-Based Learning Methods by Nello Christianini and John Shawe-Taylor, Cambridge University Press, Cambridge, 2000, xiii+ 189 pp., ISBN 0-521-78019-5 (Hbk,{\pounds} 27.50).},
	author={Andrew, Alex M},
	year={2000},
	publisher={Cambridge Univ Press}
}

@article{hsu2002comparison,
	title={A comparison of methods for multiclass support vector machines},
	author={Hsu, Chih-Wei and Lin, Chih-Jen},
	journal={IEEE transactions on Neural Networks},
	volume={13},
	number={2},
	pages={415--425},
	year={2002},
	publisher={IEEE}
}

@incollection{knerr1990single,
	title={Single-layer learning revisited: a stepwise procedure for building and training a neural network},
	author={Knerr, Stefan and Personnaz, L{\'e}on and Dreyfus, G{\'e}rard},
	booktitle={Neurocomputing},
	pages={41--50},
	year={1990},
	publisher={Springer}
}


@article{chandola2011knowledge,
	title={Knowledge discovery from sensor data (SensorKDD)},
	author={Chandola, Varun and Omitaomu, Olufemi A and Ganguly, Auroop R and Vatsavai, Ranga R and Chawla, Nitesh V and Gama, Joao and Gaber, Mohamed M},
	journal={ACM SIGKDD Explorations Newsletter},
	volume={12},
	number={2},
	pages={50--53},
	year={2011},
	publisher={ACM}
}

@incollection{bredensteiner1999multicategory,
	title={Multicategory classification by support vector machines},
	author={Bredensteiner, Erin J and Bennett, Kristin P},
	booktitle={Computational Optimization},
	pages={53--79},
	year={1999},
	publisher={Springer}
}

@phdthesis{lu2014online,
	title={Online classification and clustering of persons using appearance-based features from video images: application to person discovery and re-identification in multicamera environments},
	author={Lu, Yanyun},
	year={2014},
	school={Lille 1}
}

@inproceedings{ester1996density,
	title={A density-based algorithm for discovering clusters in large spatial databases with noise.},
	author={Ester, Martin and Kriegel, Hans-Peter and Sander, J{\"o}rg and Xu, Xiaowei and others},
	booktitle={Kdd},
	volume={96},
	number={34},
	pages={226--231},
	year={1996}
}

@inproceedings{cao2006density,
	title={Density-based clustering over an evolving data stream with noise},
	author={Cao, Feng and Estert, Martin and Qian, Weining and Zhou, Aoying},
	booktitle={Proceedings of the 2006 SIAM international conference on data mining},
	pages={328--339},
	year={2006},
	organization={SIAM}
}

@inproceedings{hinneburg1998efficient,
	title={An efficient approach to clustering in large multimedia databases with noise},
	author={Hinneburg, Alexander and Keim, Daniel A and others},
	booktitle={KDD},
	volume={98},
	pages={58--65},
	year={1998}
}

@inproceedings{aggarwal2004framework,
	title={A framework for projected clustering of high dimensional data streams},
	author={Aggarwal, Charu C and Han, Jiawei and Wang, Jianyong and Yu, Philip S},
	booktitle={Proceedings of the Thirtieth international conference on Very large data bases-Volume 30},
	pages={852--863},
	year={2004},
	organization={VLDB Endowment}
}

@inproceedings{wang1997sting,
	title={STING: A statistical information grid approach to spatial data mining},
	author={Wang, Wei and Yang, Jiong and Muntz, Richard and others},
	booktitle={VLDB},
	volume={97},
	pages={186--195},
	year={1997}
}

@inproceedings{charikar2003better,
	title={Better streaming algorithms for clustering problems},
	author={Charikar, Moses and O'Callaghan, Liadan and Panigrahy, Rina},
	booktitle={Proceedings of the thirty-fifth annual ACM symposium on Theory of computing},
	pages={30--39},
	year={2003},
	organization={ACM}
}

@article{guha2003clustering,
	title={Clustering data streams: Theory and practice},
	author={Guha, Sudipto and Meyerson, Adam and Mishra, Nina and Motwani, Rajeev and O'Callaghan, Liadan},
	journal={IEEE transactions on knowledge and data engineering},
	volume={15},
	number={3},
	pages={515--528},
	year={2003},
	publisher={IEEE}
}

@inproceedings{aggarwal2003framework,
	title={A framework for clustering evolving data streams},
	author={Aggarwal, Charu C and Han, Jiawei and Wang, Jianyong and Yu, Philip S},
	booktitle={Proceedings of the 29th international conference on Very large data bases-Volume 29},
	pages={81--92},
	year={2003},
	organization={VLDB Endowment}
}

@misc{ClustreamDefinition,
	title = {Definition of clustrem algorithm},
	howpublished = {\url{http://huawei-noah.github.io/streamDM/docs/CluStream.html}},
	note = {Accessed: 2017-05-16}
}